@inproceedings{chen2005constraint,
  title={A constraint network based approach to memory layout optimization},
  author={Chen, Guilin and Kandemir, Mahmut and Karakoy, Mustafa},
  booktitle={Design, Automation and Test in Europe},
  pages={1156--1161},
  year={2005},
  organization={IEEE}
}

@inproceedings{olschanowsky2019hydroframe,
  title={Hydroframe: A Software Framework to enable Continental Scale Hydrologic Simulation},
  author={Olschanowsky, C and Maxwell, RM and Condon, LE and Strout, M and Altintas, I and Purawat, S and Gallagher, L and Tran, H and Zhang, J},
  booktitle={AGU Fall Meeting Abstracts},
  volume={2019},
  pages={A11A--01},
  year={2019}
}
@inproceedings{sprague2020exawind,
  title={ExaWind: A multifidelity modeling and simulation environment for wind energy},
  author={Sprague, Michael A and Ananthan, S and Vijayakumar, Ganesh and Robinson, Michael},
  booktitle={Journal of Physics: Conference Series},
  volume={1452},
  number={1},
  pages={012071},
  year={2020},
  organization={IOP Publishing}
}

@inproceedings{neth2021inter,
  title={Inter-loop optimization in RAJA using loop chains},
  author={Neth, Brandon and Scogland, Thomas RW and de Supinski, Bronis R and Strout, Michelle Mills},
  booktitle={Proceedings of the ACM International Conference on Supercomputing},
  pages={1--12},
  year={2021}
}

@misc{atmospherelicense,
title={About the Atmosphere Licences},
publisher={Open Austin},
booktitle={Atmosphere Software Licenses},
howpublished={https://www.open-austin.org/atmosphere-license/about/index.html},
note={Accessed 2022-02-14}
}